@book{Sadler2013,
	author = {Wilson, C.E. and Sadler, J.P.},
	publisher = {Pearson Education, Limited},
	title = {{Kinematics and Dynamics of Machinery}},
	year = {2013},
}

@inbook{Milne1949,
	author          = {W E Milne},
	title           = {Numerical Calculus},
	year            = {1949},
	editor          = {Princeton University},
	publisher       = {Princeton University Press},
	pages           = {97}
}

@misc{Mat2020,
	author = {MATLAB},
	title = {{Create Function Handle - MATLAB \& Simulink - MathWorks Am√©rica Latina}},
	url = {https://la.mathworks.com/help/matlab/matlab_prog/creating-a-function-handle.html},
	year = 2020
}